<?xml version="1.0" encoding="UTF-8"?><collection xmlns="http://www.loc.gov/MARC21/slim"><record><leader>00689nam--2200193-i-4500</leader><controlfield tag="001">000001046</controlfield><controlfield tag="002">20161230</controlfield><controlfield tag="005">20161230201024</controlfield><controlfield tag="008">060222s1000------------r-----000-0-eng-d</controlfield><datafield ind1=" " ind2=" " tag="020"><subfield code="a">0915692112</subfield></datafield><datafield ind1=" " ind2=" " tag="040"><subfield code="a">IFIN-HH</subfield></datafield><datafield ind1=" " ind2=" " tag="080"><subfield code="a">514.743.4:512.81(082.1)</subfield></datafield><datafield ind1="1" ind2=" " tag="100"><subfield code="a">Hermann,Robert</subfield></datafield><datafield ind1="1" ind2="0" tag="245"><subfield code="a">Lie groups: history, frontiers and applications</subfield><subfield code="b">Volume ii ricci and levi-civita s tensor analysis paper translations comments and additional material by robert hermann</subfield><subfield code="c">Robert hermann</subfield></datafield><datafield ind1=" " ind2=" " tag="260"><subfield code="a">Brookline</subfield><subfield code="b">Math Sci Press</subfield><subfield code="c">1975</subfield></datafield><datafield ind1=" " ind2=" " tag="300"><subfield code="a">XI + 261 P</subfield></datafield><datafield ind1=" " ind2=" " tag="490"><subfield code="a">Lie Groups: History, Frontiers And Applications</subfield><subfield code="v">Vol. Ii</subfield></datafield><datafield ind1=" " ind2=" " tag="852"><subfield code="a">46872</subfield><subfield code="c">519.4/5</subfield></datafield><datafield ind1=" " ind2=" " tag="CAT"><subfield code="a">Sys</subfield><subfield code="c">20130814</subfield><subfield code="h">114215</subfield></datafield></record></collection>